% BIBLIOGRAPHY
@article{garrison2018variation,
  author={Garrison et al., Erik },
  journal={Nature Biotechnology},
  volume={36},
  number={9},
  pages={875--879},
  year={2018},
  publisher={Nature Publishing Group}
}
@Article{1000Gphase1,
    Journal="Nature",
    Year="2012",
    Volume="491",
    Number="7422",
    Pages="56--65",
    Author="1000 Genomes Project"
}
@article{li2009fast,
  author={Li and Durbin},
  journal={Bioinformatics},
  volume={25},
  number={14},
  pages={1754--1760},
  year={2009},
  publisher={Oxford University Press}
}
@article{posth2018reconstructing,
  author={Posth et al.},
  journal={Cell},
  volume={175},
  number={5},
  pages={1185--1197},
  year={2018},
  publisher={Elsevier}
}
@article{de2018first,
  author={Damgaard et al.},
  journal={Science},
  year={2018},
  volume={360},
  number={6396},
  pages={1422--1442},
  publisher={American Association for the Advancement of Science}
}
@article{schiffels2016iron,
  author={Schiffels et al.},
  journal={Nature Communications},
  volume={7},
  pages={10408},
  year={2016},
  publisher={Nature Publishing Group}
}
@article{martiniano2016genomic,
  author={Martiniano  et al.},
  journal={Nature Communications},
  volume={7},
  pages={10326},
  year={2016},
  publisher={Nature Publishing Group}
}
@article{gunther2019presence,
  author={G{\"u}nther and Nettelblad},
  journal={PLoS genetics},
  volume={15},
  number={7},
  pages={e1008302},
  year={2019},
  publisher={Public Library of Science San Francisco, CA USA}
}